@INPROCEEDINGS{6385939, 
author={Tincani, V. and Catalano, M.G. and Farnioli, E. and Garabini, M. and Grioli, G. and Fantoni, G. and Bicchi, A.}, 
booktitle={Intelligent Robots and Systems (IROS), 2012 IEEE/RSJ International Conference on}, 
title={Velvet fingers: A dexterous gripper with active surfaces}, 
year={2012}, 
pages={1257-1263}, 
keywords={dexterous manipulators;grippers;DoF active surfaces;active surfaces;actual dexterity enhancement;analytical manipulability analysis;automation engineering;dexterous gripper;dexterous robotic hands;grasping systems;manipulability index;manipulation systems;robotic engineering;tangential thrust;velvet fingers;Adhesives;Belts;Ellipsoids;Friction;Grasping;Grippers;Robots}, 
doi={10.1109/IROS.2012.6385939}, 
ISSN={2153-0858}, 
month={Oct},}

@INPROCEEDINGS{6630955, 
author={Tincani, V. and Grioli, G. and Catalano, M.G. and Garabini, M. and Grechi, S. and Fantoni, G. and Bicchi, A.}, 
booktitle={Robotics and Automation (ICRA), 2013 IEEE International Conference on}, 
title={Implementation and control of the Velvet Fingers: A dexterous gripper with active surfaces}, 
year={2013}, 
pages={2744-2750}, 
keywords={dexterous manipulators;end effectors;friction;grippers;Velvet finger control;active surfaces;contact surfaces;control algorithms;control electronics;dexterous gripper;dexterous robotic hands;friction;manipulation capabilities;mechanical implementation;motion agility;robot hand control;robot hand design;robotic end effectors;sensing capabilities;smart gripper;tangential thrusts;under-actuated device control;Belts;Friction;Grippers;Robot sensing systems;Thumb}, 
doi={10.1109/ICRA.2013.6630955}, 
ISSN={1050-4729}, 
month={May},}

@INPROCEEDINGS{6907390, 
author={Krug, R. and Stoyanov, T. and Bonilla, M. and Tincani, V. and Vaskevicius, N. and Fantoni, G. and Birk, A. and Lilienthal, A. and Bicchi, A.}, 
booktitle={Robotics and Automation (ICRA), 2014 IEEE International Conference on}, 
title={Velvet fingers: Grasp planning and execution for an underactuated gripper with active surfaces}, 
year={2014}, 
pages={3669-3675}, 
keywords={grippers;manipulators;path planning;active surfaces;cluttered environment;firm enveloping grasps;grasp execution process;grasp planning;gripping device;planning grasp problem;target object retrieval;underactuated gripper;velvet fingers;Belts;Databases;Fingers;Grasping;Grippers;Planning;Wrist}, 
doi={10.1109/ICRA.2014.6907390}, 
month={May},}

@inproceedings{tincani2015sensitive,
  title={Sensitive Active Surfaces on the Velvet II Dexterous Gripper},
  author={Tincani, Vinicio and Catalano, Manuel and Grioli, Giorgio and Stoyanov, Todor and Krug, Robert and Lilienthal, Achim and Fantoni, Gualtiero and Bicchi, Antonio},
  booktitle={IEEE Int. Conf. on Robotics and Automation (ICRA) - Workshop "Get in touch!" Tactile \& force sensing for autonomous, compliant, intelligent robots},
  year={2015}
}

@INPROCEEDINGS{4788393, 
author={Hogan, N.}, 
booktitle={American Control Conference, 1984}, 
title={Impedance Control: An Approach to Manipulation}, 
year={1984}, 
pages={304-313}, 
keywords={Control systems;Force control;Impedance;Laboratories;Manipulator dynamics;Manufacturing;Mechanical variables control;Motion control;Prosthetics;Velocity control}, 
month={June},}

@misc{hogan2005impedance,
  title={Impedance and interaction control},
  author={Hogan, Neville and Buerger, Stephen P},
  journal={Robotics and automation handbook},
  volume={19},
  year={2005},
  publisher={ch}
}

@ARTICLE{789685, 
author={Chiaverini, S. and Siciliano, B. and Villani, L.}, 
journal={Mechatronics, IEEE/ASME Transactions on}, 
title={A survey of robot interaction control schemes with experimental comparison}, 
year={1999}, 
volume={4}, 
number={3}, 
pages={273-285}, 
keywords={compensation;force control;force sensors;industrial manipulators;open systems;compliant surface;disturbance rejection;dynamic model-based compensation;end effector;open control architecture;robot interaction control schemes;static model-based compensation;steady-state behavior;transient state behaviour;wrist force sensor;End effectors;Force control;Force sensors;Industrial control;Manipulators;Robot control;Robot sensing systems;Service robots;Steady-state;Wrist}, 
doi={10.1109/3516.789685}, 
ISSN={1083-4435}, 
month={Sep},}

@ARTICLE{246048, 
author={Chiaverini, S. and Sciavicco, L.}, 
journal={Robotics and Automation, IEEE Transactions on}, 
title={The parallel approach to force/position control of robotic manipulators}, 
year={1993}, 
volume={9}, 
number={4}, 
pages={361-373}, 
keywords={force control;position control;robots;three-term control;PID-type parallel controller;dynamic force/position parallel control;elastic environment;full-dimensional space;industrial robot;robotic manipulators;unplanned collision recovery;Automatic control;Extraterrestrial measurements;Force control;Force sensors;Manipulators;Orbital robotics;Parallel robots;Performance analysis;Position control;Robot sensing systems}, 
doi={10.1109/70.246048}, 
ISSN={1042-296X}, 
month={Aug},}